@online{Ozon_manual_work,
  title        = {Копилка с ручным счётом монет},
  url          = {https://www.ozon.ru/product/yilijukj-kopilka-dlya-deneg-11h20-sm-1358489566/?asb=sCr1GmIlWB7Fjby%252BPYnWUNFeAjvdIw5ordlD0iRvbOM%253D&asb2=sn4m9gpYWZy_EEZH7OfMzDGoCOjFWmDehfvE83sshNuqVbbHLKnkaqdBme_UnwQL9zPGT5WB-Cli3HsA9FpOcg&avtc=1&avte=2&avts=1717862839&keywords=копилка+счетчик}
}

@online{Ali_auto_work,
  title        = {Копилка с автоматическим счётом монет},
  url          = {https://aliexpress.ru/item/1005002928697666.html?sku_id=12000028995331515&spm=a2g2w.productlist.search_results.1.5d644f98Nvin2D}
}

@online{Cassida,
  title        = {Промышленный вариант счётчика монет},
  url          = {https://www.ozon.ru/product/schetchik-i-sortirovshchik-monet-cassida-coinmax-1324388430/?asb=FCEZ8bYDzfLDlR1hbPXsPN7zg5D8DCyINZKx%252ByUJkgQ%253D&asb2=pFy0DP03AN1Um2JNqhlwAfVK8Tqf4HIHittgnkgxfxYFRn3HUd_mHS4O0_9rIrPfWd8S0KDwvHJyzVXS0PcbQw&avtc=1&avte=2&avts=1718018978&keywords=cassida+%D0%BC%D0%BE%D0%BD%D0%B5%D1%82%D1%8B}
}

@online{Sort_default,
  title        = {Простой сортировщик монет},
  url          = {https://www.youtube.com/watch?v=Ghfrog8OREo&t=1s&ab_channel=VLZSergey}
}

@online{Sort_hill,
  title        = {Сортировщик монет в виде горки},
  url          = {https://pikabu.ru/story/sortirovshchik_monet_7101212/author}
}

@online{Sort_Cassida,
  title        = {Промышленный вариант сортировщика монет},
  url          = {https://www.youtube.com/watch?v=SvJYBtzlJFU&ab_channel=Cassida%E2%80%94%D0%BE%D0%B1%D0%BE%D1%80%D1%83%D0%B4%D0%BE%D0%B2%D0%B0%D0%BD%D0%B8%D0%B5%D0%B4%D0%BB%D1%8F%D0%BE%D0%B1%D1%80%D0%B0%D0%B1%D0%BE%D1%82%D0%BA%D0%B8%D0%B4%D0%B5%D0%BD%D0%B5%D0%B3}
}

@online{Gyver,
  title        = {Наиболее подходящий варинат от AlexGyver},
  url          = {https://www.youtube.com/watch?v=lH4qfGlK2Qk}
}

@online{github,
  title        = {Архив проекта},
  url          = {https://github.com/Sofia-Sukhova/MoneyBox}
}

